<?xml version="1.0" encoding="UTF-8"?><collection xmlns="http://www.loc.gov/MARC21/slim"><record><leader>00376nam--2200133-i-4500</leader><controlfield tag="001">000011949</controlfield><controlfield tag="002">20161230</controlfield><controlfield tag="005">20161230201029</controlfield><controlfield tag="008">060222s1000------------r-----000-0-eng-d</controlfield><datafield ind1=" " ind2=" " tag="080"><subfield code="a">658.15</subfield></datafield><datafield ind1=" " ind2=" " tag="100"><subfield code="a">Cistelcan, Lazar/S.A.</subfield></datafield><datafield ind1=" " ind2=" " tag="245"><subfield code="a">Probleme ale gestiuni financiare in unitatile economice de stat</subfield></datafield><datafield ind1=" " ind2=" " tag="260"><subfield code="a">Nucuresti, Editura Academiei R.S.R., 1977. 217p</subfield></datafield><datafield ind1=" " ind2=" " tag="852"><subfield code="a">44275</subfield></datafield></record></collection>